<record><leader>00000cas a2200000 a 4500</leader><controlfield tag="001">12095076</controlfield><controlfield tag="008">850530d188018uuksuwr ne      0    0eng d</controlfield><datafield ind1=" " ind2=" " tag="010"><subfield code="a">sn 85029238 </subfield></datafield><datafield ind1=" " ind2=" " tag="040"><subfield code="a">KSH</subfield><subfield code="b">eng</subfield><subfield code="c">KSH</subfield><subfield code="d">NPT</subfield><subfield code="d">OCL</subfield><subfield code="d">OCLCQ</subfield></datafield><datafield ind1=" " ind2=" " tag="042"><subfield code="a">msc</subfield></datafield><datafield ind1="0" ind2=" " tag="130"><subfield code="a">Democratic standard (Leavenworth, Kan.)</subfield></datafield><datafield ind1="1" ind2="0" tag="245"><subfield code="a">Democratic standard.</subfield></datafield><datafield ind1=" " ind2=" " tag="260"><subfield code="a">Leavenworth, Kan. :</subfield><subfield code="b">E.G. Ross &amp; Sons,</subfield><subfield code="c">1880-</subfield></datafield><datafield ind1=" " ind2=" " tag="300"><subfield code="a">v. :</subfield><subfield code="b">ill. ;</subfield><subfield code="c">55-70 cm.</subfield></datafield><datafield ind1=" " ind2=" " tag="310"><subfield code="a">Weekly</subfield></datafield><datafield ind1="0" ind2=" " tag="362"><subfield code="a">Vol. 11, whole no. 522 (Oct. 20, 1880)-</subfield></datafield><datafield ind1=" " ind2=" " tag="515"><subfield code="a">Numbering is irregular.</subfield></datafield><datafield ind1=" " ind2=" " tag="580"><subfield code="a">Also issued a daily edition called: Leavenworth daily standard, 1880-1882; Leavenworth evening standard, Oct. 6, 1882-Nov. 28, 1885; Standard (Leavenworth, Kan.), Nov. 30, 1885-Mar. 22, 1888; Evening standard (Leavenworth, Kan. : 1888), Mar. 23, 1888-</subfield></datafield><datafield ind1=" " ind2=" " tag="752"><subfield code="a">United States</subfield><subfield code="b">Kansas</subfield><subfield code="c">Leavenworth</subfield><subfield code="d">Leavenworth.</subfield></datafield><datafield ind1="1" ind2=" " tag="775"><subfield code="t">Leavenworth daily standard</subfield><subfield code="w">(DLC)sn 85029319</subfield></datafield><datafield ind1="1" ind2=" " tag="775"><subfield code="t">Leavenworth evening standard</subfield><subfield code="w">(DLC)sn 85029318</subfield></datafield><datafield ind1="1" ind2=" " tag="775"><subfield code="t">Standard (Leavenworth, Kan.)</subfield><subfield code="w">(DLC)sn 85029325</subfield></datafield><datafield ind1="1" ind2=" " tag="775"><subfield code="t">Evening standard (Leavenworth, Kan. : 1888)</subfield><subfield code="w">(DLC)sn 85029323</subfield></datafield><datafield ind1="0" ind2="0" tag="780"><subfield code="t">Lawrence standard</subfield><subfield code="w">(DLC)sn 84029587</subfield></datafield><datafield ind1="0" ind2="5" tag="780"><subfield code="t">Leavenworth weekly press</subfield><subfield code="g">May 24, 1883</subfield><subfield code="w">(DLC)sn 85029276</subfield></datafield><datafield ind1="0" ind2="0" tag="785"><subfield code="t">Leavenworth democratic standard</subfield><subfield code="w">(DLC)sn 85029296</subfield></datafield></record>